@article{MARHumanMicro,
	title={The human microbiome project: exploring the microbial part of ourselves in a changing world},
	author={\relax{Turnbaugh et al.}},
	journal={Nature},
	volume={449},
	number={7164},
	pages={804},
	year={2007},
	publisher={NIH Public Access}
}

@article{MARmockDatasetRef,
	title={Quality-filtering vastly improves diversity estimates from Illumina amplicon sequencing},
	author={\relax{Bokulich et al.}},
	journal={Nat Methods},
	volume={10},
	pages={57--59},
	year={2013},
	publisher={Nature Publishing Group}
}

@article{MARcanadianSoil,
	title={Open resource metagenomics: a model for sharing metagenomic libraries},
	author={\relax{Neufeld et al.}},
	journal={Standards in Genomic Sciences},
	volume={5},
	pages={203--210},
	year={2011},
	publisher={BioMed Central }
}

@article {MARbodySites,
	author = {\relax{Costello et al.}},
	title = {Bacterial Community Variation in Human Body Habitats Across Space and Time},
	volume = {326},
	number = {5960},
	pages = {1694--1697},
	year = {2009},
	publisher = {American Association for the Advancement of Science},
	journal = {Science}
}

@article {MARglobalSoil,
author = {\relax{Ramirez et al.}},
title = {Biogeographic patterns in below-ground diversity in New York City{\textquoteright}s Central Park are similar to those observed globally},
volume = {281},
number = {1795},
year = {2014},
publisher = {The Royal Society},
journal = {Proceedings of the Royal Society of London B: Biological Sciences}
}


@article {MARopenDeNovo,
	author = {\relax{Kopylova et al.}},
	editor = {Segata, Nicola},
	title = {Open-Source Sequence Clustering Methods Improve the State Of the Art},
	volume = {1},
	number = {1},
	year = {2016},
	publisher = {American Society for Microbiology Journals},
	journal = {mSystems}
}

@article{MARfaith1992conservation,
	title={Conservation evaluation and phylogenetic diversity},
	author={\relax{Daniel P Faith}},
	journal={Biological conservation},
	volume={61},
	number={1},
	pages={1--10},
	year={1992},
	publisher={Elsevier}
}

@article{MARaceRef1,
	author = {\relax{Anne Chao  and  Shen-Ming Lee}},
	title = {Estimating the Number of Classes via Sample Coverage},
	journal = {Journal of the American Statistical Association},
	volume = {87},
	number = {417},
	pages = {210-217},
	year = {1992}
}

@article{MARaceRef2,
	author = {\relax{Anne Chao and Mark C. K. Yang}}, 
	title = {Stopping rules and estimation for recapture debugging with unequal failure rates},
	volume = {80}, 
	number = {1}, 
	pages = {193-201}, 
	year = {1993},
	journal = {Biometrika} 
}

@article{MARQiime,
	author = {\relax{Caporaso et al.}}, 
	title = {QIIME allows analysis of high-throughput community sequencing data},
	volume = {7}, 
	number = {5}, 
	pages = {335-336}, 
	year = {2010},
	journal = {Nat Meth},
	publisher={Nature Publishing Group}
}

@article{MARuclust,
	author = {\relax{Edgar Robert C.}}, 
	title = {Search and clustering orders of magnitude faster than BLAST},
	volume = {26}, 
	number = {19}, 
	pages = {2460-2461}, 
	year = {2010}, 
	doi = {10.1093/bioinformatics/btq461},  
	journal = {Bioinformatics} 
}

@article{MARSumaclust,
	author = {\relax{C. Mercier et al.}}, 
	title = {SUMATRA and SUMACLUST: fast and exact comparison and clustering of sequences [submitted for publication]},
	year = {2014}
}

@book{MARLshRef1,
	title={Mining of Massive Datasets, Ch. 3},
	author={\relax{Rajaraman, A. and Ullman, J}},
	year={2010}
}

@inproceedings{MARLshRef2,
	author = {Aristides Gionis and Piotr Indyk and Rajeev Motwani},
	title = {Similarity Search in High Dimensions via Hashing},
	booktitle = {Proceedings of the 25th International Conference on Very Large Data Bases},
	series = {VLDB '99},
	year = {1999},
	isbn = {1-55860-615-7},
	pages = {518--529},
	numpages = {12},
	publisher = {Morgan Kaufmann Publishers Inc.}
}

@inproceedings{MARCanopy,
	author = {Andrew McCallum and Kamal Nigam and Lyle H. Ungar},
	title = {Efficient Clustering of High-dimensional Data Sets with Application to Reference Matching},
	booktitle = {Proceedings of the Sixth ACM SIGKDD International Conference on Knowledge Discovery and Data Mining},
	series = {KDD '00},
	year = {2000},
	pages = {169--178},
	numpages = {10},
	publisher = {ACM}
}

@article{MARmicroMetagenomics,
	author = {\relax{Philip Hugenholtz and Gene W. Tyson}},
	title = {Microbiology: Metagenomics},
	volume = {455}, 
	number = {0028-0836}, 
	pages = {481-483}, 
	year = {2008},
	journal = {Nature},
	publisher = {Nature Publishing Group}
} 

@article{MARChallengesMeta,
	author = {\relax{Mihai Pop and Steven L. Salzberg}},
	title = {Bioinformatics challenges of new sequencing technology},
	volume = {24}, 
	number = {0168-9525}, 
	pages = {142-149}, 
	year = {2008},
	journal = {Trends in Genetics},
	publisher = {Elsevier}
} 

@article{MARHumanBiome,
	author = {\relax{The Human Microbiome Project Consortium}},
	title = {A framework for human microbiome research},
	volume = {486}, 
	number = {0028-0836}, 
	pages = {215-221}, 
	year = {2012},
	journal = {Nature},
	publisher = {Nature Publishing Group}
}

@article{MARCDhit,
	author = {\relax{Li Weizhong and Godzik Adam}}, 
	title = {Cd-hit: a fast program for clustering and comparing large sets of protein or nucleotide sequences},
	volume = {22}, 
	number = {13}, 
	pages = {1658-1659}, 
	year = {2006}, 
	journal = {Bioinformatics} 
}

@article{MARDOTUR,
	author = {\relax{Patrick D. Schloss and Jo Handelsman}}, 
	title = {Introducing DOTUR, a Computer Program for Defining Operational Taxonomic Units and Estimating Species Richness},
	volume = {71}, 
	number = {3}, 
	pages = {1501-1506}, 
	year = {2005}, 
	journal = {Applied and Environmental Microbiology} 
}

@article{MARMothur,
	author = {\relax{Schloss et al.}}, 
	title = {Introducing mothur: Open-Source, Platform-Independent, Community-Supported Software for Describing and Comparing Microbial Communities},
	volume = {75}, 
	number = {23}, 
	pages = {7537-7541}, 
	year = {2009}, 
	doi = {10.1128/AEM.01541-09},
	journal = {Applied and Environmental Microbiology} 
}

@article{MAREspirit,
	author = {Sun et al.}, 
	title = {ESPRIT: estimating species richness using large collections of 16S rRNA pyrosequences},
	year = {2009}, 
	doi = {10.1093/nar/gkp285},
	journal = {Nucleic Acids Research} 
}

@inproceedings{MARMetaLSH,
	title={Efficient Clustering of Metagenomic Sequences using Locality Sensitive Hashing.},
	author={Zeehasham Rasheed and Huzefa Rangwala and Daniel Barbara},
	booktitle={SDM},
	pages={1023--1034},
	year={2012},
	organization={SIAM}
}

@inbook{MARMcMinH,
	author = {Zeehasham Rasheed and Huzefa Rangwala},
	title = {MC-MinH: Metagenome Clustering using Minwise based Hashing},
	booktitle = {Proceedings of the 2013 SIAM International Conference on Data Mining},
	chapter = {74},
	pages = {677-685}
}

@article{MARMinWise,
	title={Min-wise independent permutations},
	author={Andrei Z Broder and Moses Charikar and Alan M Frieze and Michael Mitzenmacher},
	journal={Journal of Computer and System Sciences},
	volume={60},
	number={3},
	pages={630--659},
	year={2000},
	publisher={Elsevier}
}

@article{MAROtherMinH,
	title={Mash: fast genome and metagenome distance estimation using MinHash},
	author={\relax{Ondov et al.}},
	journal={bioRxiv},
	year={2016},
	publisher={Cold Spring Harbor Labs Journals}
}

@article{MARToss,
	title={Separating metagenomic short reads into genomes via clustering},
	author={Tanaseichuk Olga and Borneman James and Jiang Tao},
	journal={Algorithms for Molecular Biology},
	volume={7},
	number={1},
	pages={1},
	year={2012},
	publisher={BioMed Central}
}

@article{MARAbundant,
	title={A novel abundance-based algorithm for binning metagenomic sequences using l-tuples},
	author={\relax{Wu Yu-Wei} and \relax{Ye Yuzhen}},
	journal={Journal of Computational Biology},
	volume={18},
	number={3},
	pages={523--534},
	year={2011},
	publisher={Mary Ann Liebert, Inc., USA}
}

@inproceedings{MARCompost,
	title={CompostBin: A DNA composition-based algorithm for binning environmental shotgun reads},
	author={Sourav Chatterji and Ichitaro Yamazaki and Zhaojun Bai and Jonathan A Eisen},
	booktitle={Annual International Conference on Research in Computational Molecular Biology},
	pages={17--28},
	year={2008},
	organization={Springer}
}
@article{MARLikelyBin,
	title={Unsupervised statistical clustering of environmental shotgun sequences},
	author={Andrey Kislyuk and Srijak Bhatnagar and Jonathan Dushoff and Joshua S Weitz},
	journal={BMC Bioinformatics},
	volume={10},
	number={1},
	pages={1},
	year={2009},
	publisher={BioMed Central}
}

@inproceedings{MARMetaCluster,
	title={MetaCluster: unsupervised binning of environmental genomic fragments and taxonomic annotation},
	author={Yang et al.},
	booktitle={Proceedings of the first ACM international conference on bioinformatics and computational biology},
	pages={170--179},
	year={2010},
	organization={ACM}
}

@article{MARNormalizedCut,
	title={Normalized cut group clustering of resting-state FMRI data},
	author={Martijn Van Den Heuvel and Rene Mandl and Hilleke Hulshoff Pol},
	journal={PloS one},
	volume={3},
	number={4},
	pages={e2001},
	year={2008},
	publisher={Public Library of Science}
}

@article{MARSwarm2,
	title={Swarm v2: highly-scalable and high-resolution amplicon clustering},
	author={\relax{Mah{\'e} et al.}},
	journal={PeerJ},
	volume={3},
	pages={e1420},
	year={2015},
	publisher={PeerJ Inc.}
}

@article{MARHumanGut,
title={A human gut microbial gene catalogue established by metagenomic sequencing},
author={\relax{Qin et al.}},
journal={Nature},
volume={464},
number={7285},
pages={59--65},
year={2010},
publisher={Nature Publishing Group}
}


@article{MARGenomeOr,
title={Big data: astronomical or genomical?},
author={\relax{Stephens et al.}},
journal={PLoS Biol},
volume={13},
number={7},
pages={e1002195},
year={2015},
publisher={Public Library of Science}
}

@article{MARDosphila,
title={A whole-genome assembly of Drosophila},
author={\relax{Myers et al.}},
journal={Science},
volume={287},
number={5461},
pages={2196--2204},
year={2000},
publisher={American Association for the Advancement of Science}
}

@article{MARCharuvaka,
title={Evaluation of short read metagenomic assembly},
author={Anveshi Charuvaka and Huzefa Rangwala},
journal={BMC genomics},
volume={12},
number={2},
pages={1},
year={2011},
publisher={BioMed Central}
}

@article{MAR16S,
title={A detailed analysis of 16S ribosomal RNA gene segments for the diagnosis of pathogenic bacteria},
author={\relax{Chakravorty et al.}},
journal={Journal of microbiological methods},
volume={69},
number={2},
pages={330--339},
year={2007},
publisher={Elsevier}
}

@article{MAROTU,
title={Defining operational taxonomic units using DNA barcode data},
author={\relax{Blaxter et al.}},
journal={Philosophical Transactions of the Royal Society B: Biological Sciences},
volume={360},
number={1462},
pages={1935--1943},
year={2005},
publisher={The Royal Society}
}


@article{MAROTUConsistant,
title={Ecological consistency of SSU rRNA-based operational taxonomic units at a global scale},
author={Thomas SB Schmidt and Jo{\~a}o F Matias Rodrigues and Christian Von Mering},
journal={PLoS Comput Biol},
volume={10},
number={4},
pages={e1003594},
year={2014},
publisher={Public Library of Science}
}

@article{MARMstCluster,
title={An efficient minimum spanning tree based clustering algorithm},
author={Prasanta K Jana and Azad Naik},
booktitle={Methods and Models in Computer Science, 2009. ICM2CS 2009. Proceeding of International Conference on},
pages={1--5},
year={2009},
organization={IEEE}
}

@article{MARMstClustering2,
title={Minimum spanning tree partitioning algorithm for micro-aggregation},
author={Michael Laszlo and Sumitra Mukherjee},
journal={IEEE Transactions on Knowledge and Data Engineering},
volume={17},
number={7},
pages={902--911},
year={2005},
publisher={IEEE}
}

@article{MARMstClustering3,
title={Clustering gene expression data using a graph-theoretic approach: an application of minimum spanning trees},
author={Ying Xu and Victor Olman and Dong Xu},
journal={Bioinformatics},
volume={18},
number={4},
pages={536--545},
year={2002},
publisher={Oxford Univ Press}
}

@article{MARRdp,
title={Naive Bayesian classifier for rapid assignment of rRNA sequences into the new bacterial taxonomy},
author={Qiong Wang and George M Garrity and James M Tiedje and James R Cole},
journal={Applied and environmental microbiology},
volume={73},
number={16},
pages={5261--5267},
year={2007},
publisher={Am Soc Microbiol}
}

@article{MARGreen1,
title={Greengenes, a chimera-checked 16S rRNA gene database and workbench compatible with ARB},
author={\relax{DeSantis et al.}},
journal={Applied and environmental microbiology},
volume={72},
number={7},
pages={5069--5072},
year={2006},
publisher={Am Soc Microbiol}
}

@article{MARSilva,
title={SILVA: a comprehensive online resource for quality checked and aligned ribosomal RNA sequence data compatible with ARB},
author={\relax{Pruesse et al.}},
journal={Nucleic acids research},
volume={35},
number={21},
pages={7188--7196},
year={2007},
publisher={Oxford Univ Press}
}

@article{MARMihaiPop,
	title={Bioinformatics challenges of new sequencing technology},
	author={Mihai Pop and Steven L Salzberg},
	journal={Trends in Genetics},
	volume={24},
	number={3},
	pages={142--149},
	year={2008},
	publisher={Elsevier}
}

@article{MARMetaChallenge,
	title={Current opportunities and challenges in microbial metagenome analysis—a bioinformatic perspective},
	author={Teeling Hanno and Gl{\"o}ckner Frank Oliver},
	journal={Briefings in bioinformatics},
	year={2012},
	publisher={Oxford Univ Press}
}

@article{indyk1998approximate,
	title={Approximate nearest neighbors: towards removing the curse of dimensionality},
	author={Piotr Indyk and Rajeev Motwani},
	booktitle={Proceedings of the thirtieth annual ACM symposium on Theory of computing},
	pages={604--613},
	year={1998},
	organization={ACM}
}

@article{broder1997resemblance,
	title={On the resemblance and containment of documents},
	author={Andrei Z Broder},
	booktitle={Compression and Complexity of Sequences 1997. Proceedings},
	pages={21--29},
	year={1997},
	organization={IEEE}
}

@article{qin2014alterations,
	title={Alterations of the human gut microbiome in liver cirrhosis},
	author={Nan et al.},
	journal={Nature},
	volume={513},
	number={7516},
	pages={59--64},
	year={2014},
	publisher={Nature Publishing Group}
}